% BibTex
@misc{AnalisisComponentesPrincipalesANDA,
  author = {Miguel Alejandro Fern√°ndez},
  title  = {Analisis por Componentes Principales},
  year   = {2024}
}
